<?xml version="1.0" encoding="UTF-8"?><collection xmlns="http://www.loc.gov/MARC21/slim"><record><leader>00511nam--2200193-i-4500</leader><controlfield tag="001">000014717</controlfield><controlfield tag="002">20161230</controlfield><controlfield tag="005">20161230201031</controlfield><controlfield tag="008">060222s1000------------r-----000-0-fre-d</controlfield><datafield ind1=" " ind2=" " tag="020"><subfield code="a">2705657851</subfield></datafield><datafield ind1=" " ind2=" " tag="040"><subfield code="a">IFIN-HH</subfield></datafield><datafield ind1=" " ind2=" " tag="041"><subfield code="a">fre</subfield></datafield><datafield ind1=" " ind2=" " tag="080"><subfield code="a">539.14(075.8)</subfield></datafield><datafield ind1="1" ind2=" " tag="100"><subfield code="a">Valentin, Luc</subfield></datafield><datafield ind1="1" ind2="0" tag="245"><subfield code="a">Physique subatomique: noyaux et particules</subfield><subfield code="c">Luc valentin</subfield></datafield><datafield ind1=" " ind2=" " tag="260"><subfield code="a">Paris</subfield><subfield code="b">Hermann</subfield><subfield code="c">1975</subfield></datafield><datafield ind1="1" ind2=" " tag="490"><subfield code="a">Collection Enseignement Des Sciences</subfield></datafield><datafield ind1=" " ind2=" " tag="852"><subfield code="a">45480</subfield><subfield code="c">539.14</subfield></datafield><datafield ind1=" " ind2=" " tag="CAT"><subfield code="a">Sys</subfield><subfield code="c">20120403</subfield><subfield code="h">145418</subfield></datafield></record></collection>